@article{knuth84,
  author = {Knuth, Donald E.},
  title = {Literate Programming},
  year = {1984},
  issue_date = {May 1984},
  publisher = {Oxford University Press, Inc.},
  address = {USA},
  volume = {27},
  number = {2},
  issn = {0010-4620},
  url = {https://doi.org/10.1093/comjnl/27.2.97},
  doi = {10.1093/comjnl/27.2.97},
  journal = {Comput. J.},
  month = may,
  pages = {97â€“111},
  numpages = {15}
}


@book{hoff2009first,
  title={A first course in Bayesian statistical methods},
  author={Hoff, Peter D},
  volume={580},
  year={2009},
  publisher={Springer}
}

@misc{diaconis1985,
  title={Quantifying Prior Opinion, Bayesian Statistics. Vol. 2},
  author={Diaconis, Persi and Ylvisaker, Donald},
  year={1985},
  publisher={North Holland Amsterdam:}
}